
@misc {Covid,
   url = {https://www.mckinsey.com/industries/technology-media-and-telecommunications/our-insights/ordering-in-the-rapid-evolution-of-food-delivery},
   year = {2021},
   title = {Ordering in: The rapid evolution of food delivery},
   author = {{Kabir Ahuja, Vishwa Chandra, Victoria Lord, and Curtis Peens}},
}

@misc {ResearchGate,
   url = {https://www.researchgate.net/publication/336892181_The_influence_of_differential_pricing_offered_by_food_delivery_apps_with_reference_to_Bangalore},
   year = {2019},
   title = {The Influence of Differential Pricing Offered by Food Delivery Apps with Reference to Bangalore},
   author = {{Aravinda Reddy M.N.}},
}

@misc {WebScraping,
   url = {https://doi.org/10.1080/10691898.2020.1787116},
   year = {2020},
   title = {Web Scraping in the Statistics and Data Science Curriculum: Challenges and Opportunities},
   author = {{Mine Dogucu and Mine Çetinkaya-Rundel}},
}

@misc {Saturation,
   url = {https://www.atlantis-press.com/article/125965807.pdf},
   year = {2021},
   title = {The Effects of Covid-19 on the Online Food Delivery Industry},
   author = {{Rui Lin}},
}

@misc {HiddenFees,
   url = {https://www.nytimes.com/2020/02/26/technology/personaltech/ubereats-doordash-postmates-grubhub-review.html},
   year = {2020},
   title = {Up to 91\% More Expensive: How Delivery Apps  Eat Up Your Budget},
   author = {{Brian X. Chen}},
}

@misc {Ben,
   url = {https://benminor.medium.com/beginners-guide-to-scraping-data-uber-eats-example-dca0b872be4e},
   year = {2021},
   title = {Beginner’s Guide to Scraping Data (Uber Eats Example)},
   author = {{}Ben Minor}},
}

@misc {Grubhub,
   url = {https://www.octoparse.com/tutorial-7/scraping-restaurant-info-from-grubhub#},
   year = {2021},
   title = {Scraping restaurant info from Grubhub},
   author = {{}Octoparse}},
}

